<record><leader>00000cas a2200000 a 4500</leader><controlfield tag="001">36136320</controlfield><controlfield tag="008">961227d18971995miuwr n       0    0eng c</controlfield><datafield ind1=" " ind2=" " tag="010"><subfield code="a">sn 96077398 </subfield></datafield><datafield ind1=" " ind2=" " tag="040"><subfield code="a">MHN</subfield><subfield code="b">eng</subfield><subfield code="c">MHN</subfield><subfield code="d">OCL</subfield><subfield code="d">OCLCQ</subfield><subfield code="d">OCLCO</subfield></datafield><datafield ind1="1" ind2=" " tag="029"><subfield code="a">AU@</subfield><subfield code="b">000013023163</subfield></datafield><datafield ind1=" " ind2=" " tag="042"><subfield code="a">pcc</subfield></datafield><datafield ind1=" " ind2=" " tag="043"><subfield code="a">n-us-mi</subfield></datafield><datafield ind1="0" ind2=" " tag="130"><subfield code="a">Parma news (Parma, Mich. : 1897)</subfield></datafield><datafield ind1="1" ind2="4" tag="245"><subfield code="a">The Parma news.</subfield></datafield><datafield ind1=" " ind2=" " tag="260"><subfield code="a">Parma, Mich. :</subfield><subfield code="b">C.O. Potter</subfield></datafield><datafield ind1=" " ind2=" " tag="300"><subfield code="a">v.</subfield></datafield><datafield ind1=" " ind2=" " tag="310"><subfield code="a">Weekly</subfield></datafield><datafield ind1="1" ind2=" " tag="362"><subfield code="a">Began in 1897.</subfield></datafield><datafield ind1="0" ind2=" " tag="362"><subfield code="a">-v. 31, no. 47 (Nov. 25, 1926) ; v. 37, no. 48 (Dec. 2, 1926)-v. 46, no. 24 (June 13, 1935) ; 68th yr., no. 25 (June 20, 1935)-98th yr., [no. 5] (Feb. 1, 1967) ; v. 98, no. 6 (Feb. 8, 1967)-v. 123, no. 43 (Mar. 1, 1995).</subfield></datafield><datafield ind1=" " ind2=" " tag="588"><subfield code="a">Description based on: Vol. 1, no. 31 (Sept. 3, 1897).</subfield></datafield><datafield ind1=" " ind2="0" tag="651"><subfield code="a">Horton (Mich.)</subfield><subfield code="v">Newspapers.</subfield></datafield><datafield ind1=" " ind2="0" tag="651"><subfield code="a">Hanover (Mich.)</subfield><subfield code="v">Newspapers.</subfield></datafield><datafield ind1=" " ind2="0" tag="651"><subfield code="a">Concord (Mich.)</subfield><subfield code="v">Newspapers.</subfield></datafield><datafield ind1=" " ind2="0" tag="651"><subfield code="a">Parma (Mich.)</subfield><subfield code="v">Newspapers.</subfield></datafield><datafield ind1=" " ind2="0" tag="651"><subfield code="a">Jackson County (Mich.)</subfield><subfield code="v">Newspapers.</subfield></datafield><datafield ind1=" " ind2=" " tag="752"><subfield code="a">United States</subfield><subfield code="b">Michigan</subfield><subfield code="c">Jackson</subfield><subfield code="d">Parma.</subfield></datafield><datafield ind1="0" ind2="0" tag="785"><subfield code="t">West County press</subfield><subfield code="w">(DLC)sn 98066850</subfield><subfield code="w">(OCoLC)40642581</subfield></datafield></record>